@misc{sourceNoRainbow,
  doi = {10.48550/ARXIV.2104.02103},
  url = {https://arxiv.org/abs/2104.02103},
  author = {Parvini, Ghazaleh and Fernández-Baca, David},
  keywords = {Data Structures and Algorithms (cs.DS), Discrete Mathematics (cs.DM), FOS: Computer and information sciences, FOS: Computer and information sciences, 05C15, 68Q25, 68W20, 68W40, 92D15},
  title = {Exact Algorithms for No-Rainbow Coloring and Phylogenetic Decisiveness},
  publisher = {arXiv},
  year = {2021},
  copyright = {Creative Commons Attribution 4.0 International}
}

@article{sourcePhylogeneticDecisiveness,
  author = {Parvini, Ghazaleh},
  year = {2021},
  title = {Phylogenetic decisiveness and no-rainbow hypergraph coloring},
  doi = {10.31274/etd-20210609-143}
}

@article{sourceCheckingDecisiveness, 
  author={Parvini, Ghazaleh and Braught, Katherine and Fernandez-Baca, David},  journal={IEEE/ACM Transactions on Computational Biology and Bioinformatics},   title={Checking Phylogenetics Decisiveness in Theory and in Practice},   year={2021},  doi={10.1109/TCBB.2021.3128381}
}

@article{sourceHyper,
  title = {Optimisation and hypergraph theory},
  journal = {European Journal of Operational Research},
  volume = {46},
  number = {3},
  pages = {297-303},
  year = {1990},
  issn = {0377-2217},
  doi = {10.1016/0377-2217(90)90004-U},
  url = {https://www.sciencedirect.com/science/article/pii/037722179090004U},
  author = {Claude Berge}
}

@book{sourceAATA,
  year = {2022},
  title = {Abstract Algebra: Theory and Applications},
  author = {Thomas W. Judson},
}

@book{sourceDiestel,
  author = {Reinhard Diestel},
  year = {2005},
  title = {Graph Theory},
  publisher = {Springer-Verlag Heidelber},
}

@book{sourceGWA,
  author = {J. A. Bondy and U. S. R. Murty},
  year = {1982},
  title = {GRAPH THEORY WITH APPLICATIONS},
  publisher = {Elsevier Science Publishing Co. Inc.},
}

@book{sourceArmen, 
  author = {Armen Asratian and Anders Björn and Bengt Ove Turesson}, 
  year = {2015},
  title = {Diskret matematik},
  publisher = {Linköpings universitetet},
}

@book{sourceAlgoBook, 
  author = {Thomas H. Cormen and Charles E. Leiserson and Ronald L. Rivest and Clifford Stein},
  year = {2015},
  title = {Introduction to Algorithms, Third Edition},
  publisher = {Massachusetts Institute of Technology},
  isbn={978-0-262-03384-8},
}

@INPROCEEDINGS{sourceProbAlgo, 
  author={Schoning, T.}, 
  booktitle={40th Annual Symposium on Foundations of Computer Science (Cat. No.99CB37039)},  
  title={A probabilistic algorithm for k-SAT and constraint satisfaction problems},
  year={1999},  
  volume={},  
  number={},  
  pages={410-414},
  doi={10.1109/SFFCS.1999.814612}
}

@inproceedings{sourceSolutionSpace,
  author = {Achlioptas, Dimitris and Ricci-Tersenghi, Federico},
  title = {On the Solution-Space Geometry of Random Constraint Satisfaction Problems},
  year = {2006},
  isbn = {1595931341},
  publisher = {Association for Computing Machinery},
  address = {New York, NY, USA},
  url = {https://doi.org/10.1145/1132516.1132537},
  doi = {10.1145/1132516.1132537},
  booktitle = {Proceedings of the Thirty-Eighth Annual ACM Symposium on Theory of Computing},
  pages = {130–139},
  numpages = {10},
  keywords = {satisfiability, survey propagation, random formulas},
  location = {Seattle, WA, USA},
  series = {STOC '06}
}

@article{sourceSurveyProp,
  author    = {Alfredo Braunstein and
               Marc M{\'{e}}zard and
               Riccardo Zecchina},
  title     = {Survey propagation: an algorithm for satisfiability},
  journal   = {CoRR},
  volume    = {cs.CC/0212002},
  year      = {2002},
  url       = {http://arxiv.org/abs/cs/0212002},
  timestamp = {Fri, 10 Jan 2020 12:59:20 +0100},
  biburl    = {https://dblp.org/rec/journals/corr/cs-CC-0212002.bib},
  bibsource = {dblp computer science bibliography, https://dblp.org}
}

@online{sourceNeg,
  author = {Leo Rogers},
  title = {The History of Negative Numbers},
  year = 2008,
  url = {https://nrich.maths.org/5961},
  urldate = {2022-11-28}
}

@online{sourceMethodMath,
  title = {The Methodology of Mathematics},
  author = {Ronald Brown and Timothy Porter},
  year = 2016, 
  url = {https://www.math.mcgill.ca/rags/JAC/124/Brown-Porter.pdf},
  urldate = {2022-12-12}
}

@article{sourceAlgorithmEngineeering,
  author    = {Jan Mendling and Beno{\^{\i}}t Depaire and Henrik Leopold},
  title     = {Theory and Practice of Algorithm Engineering},
  journal   = {CoRR},
  volume    = {abs/2107.10675},
  year      = {2021},
  url       = {https://arxiv.org/abs/2107.10675},
  eprinttype = {arXiv},
  eprint    = {2107.10675},
  timestamp = {Thu, 29 Jul 2021 16:14:15 +0200},
  biburl    = {https://dblp.org/rec/journals/corr/abs-2107-10675.bib},
  bibsource = {dblp computer science bibliography, https://dblp.org}
}

@online{sourceUllman,
  title = {Experiments as Research Validation – Have We Gone too Far?},
  author = {Jeffrey D. Ullman},
  year = {2013},
  url = {http://infolab.stanford.edu/~ullman/pub/experiments.pdf},
  urldate = {2022-12-12}
}

