@misc{sourceNoRainbow,
  doi = {10.48550/ARXIV.2104.02103},
  url = {https://arxiv.org/abs/2104.02103},
  author = {Parvini, Ghazaleh and Fernández-Baca, David},
  keywords = {Data Structures and Algorithms (cs.DS), Discrete Mathematics (cs.DM), FOS: Computer and information sciences, FOS: Computer and information sciences, 05C15, 68Q25, 68W20, 68W40, 92D15},
  title = {Exact Algorithms for No-Rainbow Coloring and Phylogenetic Decisiveness},
  publisher = {arXiv},
  year = {2021},
  copyright = {Creative Commons Attribution 4.0 International}
}


@article{sourcePhylogeneticDecisiveness,
  author = {Parvini, Ghazaleh},
  year = {2021},
  title = {Phylogenetic decisiveness and no-rainbow hypergraph coloring},
  doi = {10.31274/etd-20210609-143}
}

@article{sourceCheckingDecisiveness, 
  author={Parvini, Ghazaleh and Braught, Katherine and Fernandez-Baca, David},  journal={IEEE/ACM Transactions on Computational Biology and Bioinformatics},   title={Checking Phylogenetics Decisiveness in Theory and in Practice},   year={2021},  doi={10.1109/TCBB.2021.3128381}
}

@article{sourceHyper,
title = {Optimisation and hypergraph theory},
journal = {European Journal of Operational Research},
volume = {46},
number = {3},
pages = {297-303},
year = {1990},
issn = {0377-2217},
doi = {10.1016/0377-2217(90)90004-U},
url = {https://www.sciencedirect.com/science/article/pii/037722179090004U},
author = {Claude Berge}
}

@book{sourceAATA,
  year = {2022},
  title = {Abstract Algebra: Theory and Applications},
  author = {Thomas W. Judson},
}

@book{sourceDiestel,
  author = {Reinhard Diestel},
  year = {2005},
  title = {Graph Theory},
  publisher = {Springer-Verlag Heidelber},
}

@book{sourceGWA,
  author = {J. A. Bondy and U. S. R. Murty},
  year = {1982},
  title = {GRAPH THEORY WITH APPLICATIONS},
  publisher = {Elsevier Science Publishing Co. Inc.},
}

@book{sourceArmen, 
  author = {Armen Asratian and Anders Björn and Bengt Ove Turesson}, 
  year = {2015},
  title = {Diskret matematik},
  publisher = {Linköpings universitetet},
}
